@article{logemann1998evaluation,  title={The evaluation and treatment of swallowing disorders},  author={Logemann, Jeri A},  journal={Current Opinion in Otolaryngology \& Head and Neck Surgery},  volume={6},  number={6},  pages={395--400},  year={1998},  publisher={LWW}}@article{terada2010abnormal,  title={Abnormal swallowing reflex and COPD exacerbations},  author={Terada, Kunihiko and Muro, Shigeo and Ohara, Tadashi and Kudo, Megumi and Ogawa, Emiko and Hoshino, Yuma and Hirai, Toyohiro and Niimi, Akio and Chin, Kazuo and Mishima, Michiaki},  journal={Chest},  volume={137},  number={2},  pages={326--332},  year={2010},  publisher={Elsevier}}@article{munro1996effects,  title={The effects of age of second language learning on the production of English vowels},  author={Munro, Murray J and Flege, James Emil and MacKay, Ian RA},  journal={Applied psycholinguistics},  volume={17},  number={3},  pages={313--334},  year={1996},  publisher={Cambridge University Press}}